@article{casimiro2019antibiotic,
  title={Antibiotic resistance and metabolic profiles as functional biomarkers that accurately predict the geographic origin of city metagenomics samples},
  author={Casimiro-Soriguer, Carlos S and Loucera, Carlos and Perez Florido, Javier and L{\'o}pez-L{\'o}pez, Daniel and Dopazo, Joaquin},
  journal={Biology direct},
  volume={14},
  number={1},
  pages={1--16},
  year={2019},
  publisher={BioMed Central}
}

@article{esteban2019exploring,
  title={Exploring the druggable space around the Fanconi anemia pathway using machine learning and mechanistic models},
  author={Esteban-Medina, Marina and Pe{\~n}a-Chilet, Mar{\'\i}a and Loucera, Carlos and Dopazo, Joaqu{\'\i}n},
  journal={BMC bioinformatics},
  volume={20},
  number={1},
  pages={1--15},
  year={2019},
  publisher={BioMed Central}
}

@article{pena2019using,
  title={Using mechanistic models for the clinical interpretation of complex genomic variation},
  author={Pe{\~n}a-Chilet, Mar{\'\i}a and Esteban-Medina, Marina and Falco, Matias M and Rian, Kinza and Hidalgo, Marta R and Loucera, Carlos and Dopazo, Joaqu{\'\i}n},
  journal={Scientific reports},
  volume={9},
  number={1},
  pages={1--12},
  year={2019},
  publisher={Nature Publishing Group}
}

@article{rian2021mechanistic,
  title={Mechanistic modeling of the SARS-CoV-2 disease map},
  author={Rian, Kinza and Esteban-Medina, Marina and Hidalgo, Marta R and {\c{C}}ubuk, Cankut and Falco, Matias M and Loucera, Carlos and Gunyel, Devrim and Ostaszewski, Marek and Pe{\~n}a-Chilet, Mar{\'\i}a and Dopazo, Joaqu{\'\i}n},
  journal={BioData Mining},
  volume={14},
  number={1},
  pages={1--8},
  year={2021},
  publisher={BioMed Central}
}

@article{falco2020mechanistic,
  title={Mechanistic models of signaling pathways deconvolute the glioblastoma single-cell functional landscape},
  author={Falco, Mat{\'\i}as M and Pe{\~n}a-Chilet, Mar{\'\i}a and Loucera, Carlos and Hidalgo, Marta R and Dopazo, Joaqu{\'\i}n},
  journal={NAR Cancer},
  volume={2},
  number={2},
  pages={zcaa011},
  year={2020},
  publisher={Oxford University Press}
}

@article{pena2021csvs,
  title={CSVS, a crowdsourcing database of the Spanish population genetic variability},
  author={Pe{\~n}a-Chilet, Mar{\'\i}a and Rold{\'a}n, Gema and Perez-Florido, Javier and Ortu{\~n}o, Francisco M and Carmona, Rosario and Aquino, Virginia and Lopez-Lopez, Daniel and Loucera, Carlos and Fernandez-Rueda, Jose L and Gallego, Asunci{\'o}n and others},
  journal={Nucleic Acids Research},
  volume={49},
  number={D1},
  pages={D1130--D1137},
  year={2021},
  publisher={Oxford University Press}
}

@article{loucera2020drug,
  title={Drug repurposing for COVID-19 using machine learning and mechanistic models of signal transduction circuits related to SARS-CoV-2 infection},
  author={Loucera, Carlos and Esteban-Medina, Marina and Rian, Kinza and Falco, Mat{\'\i}as M and Dopazo, Joaqu{\'\i}n and Pe{\~n}a-Chilet, Mar{\'\i}a},
  journal={Signal transduction and targeted therapy},
  volume={5},
  number={1},
  pages={1--3},
  year={2020},
  publisher={Nature Publishing Group}
}

@article{lopez2020smn1,
  title={SMN1 copy-number and sequence variant analysis from next-generation sequencing data},
  author={Lopez-Lopez, Daniel and Loucera, Carlos and Carmona, Rosario and Aquino, Virginia and Salgado, Josefa and Pasalodos, Sara and Miranda, Mar{\'\i}a and Alonso, {\'A}ngel and Dopazo, Joaqu{\'\i}n},
  journal={Human Mutation},
  volume={41},
  number={12},
  pages={2073--2077},
  year={2020},
  publisher={Wiley}
}

@article{casimiro2022towards,
  title={Towards a metagenomics machine learning interpretable model for understanding the transition from adenoma to colorectal cancer},
  author={Casimiro-Soriguer, Carlos S and Loucera, Carlos and Pe{\~n}a-Chilet, Mar{\'\i}a and Dopazo, Joaquin},
  journal={Scientific reports},
  volume={12},
  number={1},
  pages={1--14},
  year={2022},
  publisher={Nature Publishing Group}
}

@article{rian2021genome,
  title={Genome-scale mechanistic modeling of signaling pathways made easy: A bioconductor/cytoscape/web server framework for the analysis of omic data},
  author={Rian, Kinza and Hidalgo, Marta R and {\c{C}}ubuk, Cankut and Falco, Matias M and Loucera, Carlos and Esteban-Medina, Marina and Alamo-Alvarez, Inmaculada and Pe{\~n}a-Chilet, Mar{\'\i}a and Dopazo, Joaqu{\'\i}n},
  journal={Computational and structural biotechnology journal},
  volume={19},
  pages={2968--2978},
  year={2021},
  publisher={Elsevier}
}

@article{gundogdu2022integrating,
  title={Integrating pathway knowledge with deep neural networks to reduce the dimensionality in single-cell RNA-seq data},
  author={Gundogdu, Pelin and Loucera, Carlos and Alamo-Alvarez, Inmaculada and Dopazo, Joaquin and Nepomuceno, Isabel},
  journal={BioData mining},
  volume={15},
  number={1},
  pages={1--21},
  year={2022},
  publisher={BioMed Central}
}

@article{loucera2021real,
  title={Real world evidence of calcifediol or vitamin D prescription and mortality rate of COVID-19 in a retrospective cohort of hospitalized Andalusian patients},
  author={Loucera, Carlos and Pe{\~n}a-Chilet, Mar{\'\i}a and Esteban-Medina, Marina and Mu{\~n}oyerro-Mu{\~n}iz, Dolores and Villegas, Rom{\'a}n and Lopez-Miranda, Jose and Rodriguez-Ba{\~n}o, Jesus and T{\'u}nez, Isaac and Bouillon, Roger and Dopazo, Joaquin and others},
  journal={Scientific reports},
  volume={11},
  number={1},
  pages={1--12},
  year={2021},
  publisher={Nature Publishing Group}
}

@article{ortuno2021highly,
  title={Highly accurate whole-genome imputation of SARS-CoV-2 from partial or low-quality sequences},
  author={Ortu{\~n}o, Francisco M and Loucera, Carlos and Casimiro-Soriguer, Carlos S and Lepe, Jose A and Camacho Martinez, Pedro and Merino Diaz, Laura and de Salazar, Adolfo and Chueca, Natalia and Garc{\'\i}a, Federico and Perez-Florido, Javier and others},
  journal={GigaScience},
  volume={10},
  number={12},
  pages={giab078},
  year={2021},
  publisher={Oxford University Press}
}

@article{lopez2022discovering,
  title={Discovering potential interactions between rare diseases and COVID-19 by combining mechanistic models of viral infection with statistical modeling},
  author={L{\'o}pez-S{\'a}nchez, Macarena and Loucera, Carlos and Pe{\~n}a-Chilet, Mar{\'\i}a and Dopazo, Joaqu{\'\i}n},
  journal={Human Molecular Genetics},
  year={2022}
}

@misc{scharrlab,
	title = {Home // van der {Schaar} {Lab}},
	url = {https://www.vanderschaar-lab.com/},
	abstract = {The van der Schaar Lab develops cutting-edge machine learning \& AI theory and methods, with the goal of improving healthcare and medical knowledge.},
	language = {en},
	urldate = {2021-12-13},
	journal = {van der Schaar Lab},
	file = {Snapshot:/home/lou/Zotero/storage/2CAU47XQ/www.vanderschaar-lab.com.html:text/html},
}


@article{nogueira2017stability,
  title={On the stability of feature selection algorithms},
  author={Nogueira, Sarah and Sechidis, Konstantinos and Brown, Gavin},
  journal={The Journal of Machine Learning Research},
  volume={18},
  number={1},
  pages={6345--6398},
  year={2017},
  publisher={JMLR. org}
}

@article{murdoch2019definitions,
  title={Definitions, methods, and applications in interpretable machine learning},
  author={Murdoch, W James and Singh, Chandan and Kumbier, Karl and Abbasi-Asl, Reza and Yu, Bin},
  journal={Proceedings of the National Academy of Sciences},
  volume={116},
  number={44},
  pages={22071--22080},
  year={2019},
  publisher={National Acad Sciences}
}

@article{ostaszewski2021covid19,
  title={COVID19 Disease Map, a computational knowledge repository of virus--host interaction mechanisms},
  author={Ostaszewski, Marek and Niarakis, Anna and Mazein, Alexander and Kuperstein, Inna and Phair, Robert and Orta-Resendiz, Aurelio and Singh, Vidisha and Aghamiri, Sara Sadat and Acencio, Marcio Luis and Glaab, Enrico and others},
  journal={Molecular systems biology},
  volume={17},
  number={10},
  pages={e10387},
  year={2021}
}

@article{hajage2018closed,
  title={Closed-form variance estimator for weighted propensity score estimators with survival outcome},
  author={Hajage, David and Chauvet, Guillaume and Belin, Lisa and Lafourcade, Alexandre and Tubach, Florence and De Rycke, Yann},
  journal={Biometrical Journal},
  volume={60},
  number={6},
  pages={1151--1163},
  year={2018},
  publisher={Wiley Online Library}
}

@article{stuart2013prognostic,
  title={Prognostic score--based balance measures can be a useful diagnostic for propensity score methods in comparative effectiveness research},
  author={Stuart, Elizabeth A and Lee, Brian K and Leacy, Finbarr P},
  journal={Journal of clinical epidemiology},
  volume={66},
  number={8},
  pages={S84--S90},
  year={2013},
  publisher={Elsevier}
}
